%% This BibTeX bibliography file was created using BibDesk.
%% http://bibdesk.sourceforge.net/


%% Created for Michael Frank at 2015-02-01 14:25:32 -0800 


%% Saved with string encoding Unicode (UTF-8) 

@article{kao2014nonliteral,
  title={Nonliteral understanding of number words},
  author={Kao, Justine T and Wu, Jean Y and Bergen, Leon and Goodman, Noah D},
  journal={Proceedings of the National Academy of Sciences},
  volume={111},
  number={33},
  pages={12002--12007},
  year={2014},
  publisher={National Acad Sciences}
}

@article{goodman2014probabilistic,
  title={Probabilistic semantics and pragmatics: Uncertainty in language and thought},
  author={Goodman, Noah D and Lassiter, Daniel},
  journal={Handbook of Contemporary Semantic Theory, Wiley-Blackwell},
  year={2014}
}

@article{grice1975logic,
	Author = {Grice, H Paul},
	Date-Modified = {2013-12-02 03:50:32 +0000},
	Journal = {Syntax and semantics},
	Keywords = {Gricean; Implicature},
	Pages = {41--58},
	Title = {Logic and conversation},
	Volume = {3},
	Year = {1975},
	Bdsk-File-1 = {YnBsaXN0MDDUAQIDBAUGJCVYJHZlcnNpb25YJG9iamVjdHNZJGFyY2hpdmVyVCR0b3ASAAGGoKgHCBMUFRYaIVUkbnVsbNMJCgsMDxJXTlMua2V5c1pOUy5vYmplY3RzViRjbGFzc6INDoACgAOiEBGABIAFgAdccmVsYXRpdmVQYXRoWWFsaWFzRGF0YV8QSi4uLy4uLy4uLy4uLy4uLzIwMTMtUTEtRmFsbC9SZXNlYXJjaC9SZWFkaW5nIExpc3QgLSAxMzEwMDMvR3JpY2UtTG9naWMucGRm0hcLGBlXTlMuZGF0YU8RAiAAAAAAAiAAAgAADE1hY2ludG9zaCBIRAAAAAAAAAAAAAAAAAAAAM4TzqJIKwAAAA/DGg9HcmljZS1Mb2dpYy5wZGYAAAAAAAAAAAAAAAAAAAAAAAAAAAAAAAAAAAAAAAAAAAAAAAAAAAAAAAAAAAAAAAAAFhTZznSDLQAAAAAAAAAAAAUABAAACSAAAAAAAAAAAAAAAAAAAAAVUmVhZGluZyBMaXN0IC0gMTMxMDAzAAAQAAgAAM4UMRIAAAARAAgAAM505Z0AAAABACAAD8MaAAifggAH7XAAB+FNAAfRZQAFwWgABcFnAAISKQACAHdNYWNpbnRvc2ggSEQ6VXNlcnM6AGVyaWNhbmc6AERvY3VtZW50czoARXJpY2E6AFN0YW5mb3JkOgAyMDEzLVExLUZhbGw6AFJlc2VhcmNoOgBSZWFkaW5nIExpc3QgLSAxMzEwMDM6AEdyaWNlLUxvZ2ljLnBkZgAADgAgAA8ARwByAGkAYwBlAC0ATABvAGcAaQBjAC4AcABkAGYADwAaAAwATQBhAGMAaQBuAHQAbwBzAGgAIABIAEQAEgBiVXNlcnMvZXJpY2FuZy9Eb2N1bWVudHMvRXJpY2EvU3RhbmZvcmQvMjAxMy1RMS1GYWxsL1Jlc2VhcmNoL1JlYWRpbmcgTGlzdCAtIDEzMTAwMy9HcmljZS1Mb2dpYy5wZGYAEwABLwAAFQACAA7//wAAgAbSGxwdHlokY2xhc3NuYW1lWCRjbGFzc2VzXU5TTXV0YWJsZURhdGGjHR8gVk5TRGF0YVhOU09iamVjdNIbHCIjXE5TRGljdGlvbmFyeaIiIF8QD05TS2V5ZWRBcmNoaXZlctEmJ1Ryb290gAEACAARABoAIwAtADIANwBAAEYATQBVAGAAZwBqAGwAbgBxAHMAdQB3AIQAjgDbAOAA6AMMAw4DEwMeAycDNQM5A0ADSQNOA1sDXgNwA3MDeAAAAAAAAAIBAAAAAAAAACgAAAAAAAAAAAAAAAAAAAN6}}


@article{depaulo1998everyday,
  title={Everyday lies in close and casual relationships.},
  author={DePaulo, Bella M and Kashy, Deborah A},
  journal={Journal of personality and social psychology},
  volume={74},
  number={1},
  pages={63},
  year={1998},
  publisher={American Psychological Association}
} 

@article{talwar2007white,
  title={White lie-telling in children for politeness purposes},
  author={Talwar, Victoria and Murphy, Susan M and Lee, Kang},
  journal={International journal of behavioral development},
  volume={31},
  number={1},
  pages={1--11},
  year={2007},
  publisher={Sage Publications}
}

@article{bussey1999children,
  title={Children's categorization and evaluation of different types of lies and truths},
  author={Bussey, Kay},
  journal={Child Development},
  volume={70},
  number={6},
  pages={1338--1347},
  year={1999},
  publisher={Wiley Online Library}
}
