@article{bergen2016,
	Author = {Bergen, Leon and Levy, Roger and Goodman, Noah D},
	Date-Added = {2016-01-28 17:08:44 +0000},
	Date-Modified = {2016-01-28 17:09:24 +0000},
	Journal = {Semantics \& Pragmatics},
	Title = {Pragmatic Reasoning through Semantic Inference},
	Year = {in press}}

@book{Brown1987,
	Author = {Brown, Penelope and Levinson, Stephen C},
	Publisher = {Cambridge Univ. Press},
	Title = {Politeness: Some universals in language usage},
	Volume = {4},
	Year = {1987}}
	
@article{bussey1999,
  title={Children's categorization and evaluation of different types of lies and truths},
  author={Bussey, Kay},
  journal={Child Development},
  volume={70},
  number={6},
  pages={1338--1347},
  year={1999},
  publisher={Wiley Online Library}
}

@article{leichty1991,
  title={Social-cognitive and situational influences on the use of face-saving persuasive strategies},
  author={Leichty, Greg and Applegate, James L},
  journal={Human Communication Research},
  volume={17},
  number={3},
  pages={451--484},
  year={1991},
  publisher={Wiley Online Library}
}

@article{franke2016,
  title={Probabilistic pragmatics, or why Bayes? rule is probably important for pragmatics},
  author={Franke, Michael and J{\"a}ger, Gerhard},
  journal={Zeitschrift f{\"u}r Sprachwissenschaft},
  volume={35},
  number={1},
  pages={3--44},
  year={2016}
}

@article{pinker2008,
  title={The logic of indirect speech},
  author={Pinker, Steven and Nowak, Martin A and Lee, James J},
  journal={Proceedings of the National Academy of sciences},
  volume={105},
  number={3},
  pages={833--838},
  year={2008},
  publisher={National Acad Sciences}
}

@inproceedings{VanRooy2003,
	Author = {Van Rooy, Robert},
	Booktitle = {Proceedings of the 9th conference on Theoretical aspects of rationality and knowledge},
	Organization = {ACM},
	Pages = {45--58},
	Title = {Being polite is a handicap: Towards a game theoretical analysis of polite linguistic behavior},
	Year = {2003}}

@inproceedings{Kao2015,
	Author = {Kao, Justine T and Goodman, Noah D.},
	Booktitle = {Proceedings of the 37th Annual Conference of the {C}ognitive {S}cience {S}ociety},
	Date-Modified = {2015-07-30 15:56:19 +0000},
	Title = {Let's talk (ironically) about the weather: Modeling verbal irony},
	Website = {papers/KaoEtAl2015-Cogsci.pdf},
	Year = {2015}}

@article{colston1997,
	Author = {Colston, Herbert L},
	Journal = {Discourse Processes},
	Number = {1},
	Pages = {25--45},
	Publisher = {Taylor \& Francis},
	Title = {Salting a wound or sugaring a pill: The pragmatic functions of ironic criticism},
	Volume = {23},
	Year = {1997}}

@article{bonnefon2009,
	Author = {Bonnefon, Jean-Fran{\c{c}}ois and Feeney, Aidan and Villejoubert, Ga{\"e}lle},
	Journal = {Cognition},
	Number = {2},
	Pages = {249--258},
	Publisher = {Elsevier},
	Title = {When some is actually all: Scalar inferences in face-threatening contexts},
	Volume = {112},
	Year = {2009}}
	
@article{fu2007,
  title={Social grooming in the kindergarten: the emergence of flattery behavior},
  author={Fu, Genyue and Lee, Kang},
  journal={Developmental science},
  volume={10},
  number={2},
  pages={255--265},
  year={2007},
  publisher={Wiley Online Library}
}

@article{lim1991,
  title={Facework: solidarity, approbation, and tact},
  author={Lim, Tae S and Bowers, John W},
  journal={Human communication research},
  volume={17},
  number={3},
  pages={415--450},
  year={1991},
  publisher={blackwell}
}

@article{holtgraves1997,
	Author = {Holtgraves, Thomas},
	Journal = {Journal of Language and Social Psychology},
	Number = {2},
	Pages = {222--239},
	Publisher = {Sage Publications},
	Title = {YES, BUT... Positive politeness in conversation arguments},
	Volume = {16},
	Year = {1997}}
	
@article{holtgraves1990,
  title={Politeness as universal: Cross-cultural perceptions of request strategies and inferences based on their use.},
  author={Holtgraves, Thomas and Joong-nam, Yang},
  journal={Journal of personality and social psychology},
  volume={59},
  number={4},
  pages={719},
  year={1990},
  publisher={American Psychological Association}
}

@article{holtgraves2016,
  title={Politeness and the communication of uncertainty},
  author={Holtgraves, Thomas and Perdew, Audrey},
  journal={Cognition},
  volume={154},
  pages={1--10},
  year={2016},
  publisher={Elsevier}
}

@article{holtgraves1986,
  title={Language structure in social interaction: perceptions of direct and indirect speech acts and interactants who use them.},
  author={Holtgraves, Thomas},
  journal={Journal of personality and social psychology},
  volume={51},
  number={2},
  pages={305},
  year={1986},
  publisher={American Psychological Association}
}

@article{ide1989,
  title={Formal forms and discernment: Two neglected aspects of universals of linguistic politeness},
  author={Ide, Sachiko},
  journal={Multilingua-journal of cross-cultural and interlanguage communication},
  volume={8},
  number={2-3},
  pages={223--248},
  year={1989}
}

@article{lee1997,
  title={Chinese and Canadian Children's Evaluations of Lying and Truth Telling: Similarities and Dfferences in the Context of pro-and Antisocial Behaviors},
  author={Lee, Kang and Cameron, Catherine Ann and Xu, Fen and Fu, Genyao and Board, Julie},
  journal={Child development},
  volume={68},
  number={5},
  pages={924--934},
  year={1997},
  publisher={Wiley Online Library}
}

@article{ma2011,
  title={Chinese children's evaluations of white lies: Weighing the consequences for recipients},
  author={Ma, Fengling and Xu, Fen and Heyman, Gail D and Lee, Kang},
  journal={Journal of experimental child psychology},
  volume={108},
  number={2},
  pages={308--321},
  year={2011},
  publisher={Elsevier}
}

@article{blumkulka1987,
  title={Indirectness and politeness in requests: Same or different?},
  author={Blum-Kulka, Shoshana},
  journal={Journal of pragmatics},
  volume={11},
  number={2},
  pages={131--146},
  year={1987},
  publisher={Elsevier}
}

@article{talwar2007,
  title={White lie-telling in children for politeness purposes},
  author={Talwar, Victoria and Murphy, Susan M and Lee, Kang},
  journal={International journal of behavioral development},
  volume={31},
  number={1},
  pages={1--11},
  year={2007},
  publisher={Sage Publications}
}

@article{clark1980,
	Author = {Clark, Herbert H and Schunk, Dale H},
	Journal = {Cognition},
	Number = {2},
	Pages = {111--143},
	Publisher = {Elsevier},
	Title = {Polite responses to polite requests},
	Volume = {8},
	Year = {1980}}

@article{axia1985,
	Author = {Axia, Giovanna and Baroni, Maria Rosa},
	Journal = {Child Development},
	Pages = {918--927},
	Publisher = {JSTOR},
	Title = {Linguistic politeness at different age levels},
	Year = {1985}}

@article{bavsnakova2014,
	Author = {Ba{\v{s}}n{\'a}kov{\'a}, Jana and Weber, Kirsten and Petersson, Karl Magnus and van Berkum, Jos and Hagoort, Peter},
	Journal = {Cerebral Cortex},
	Number = {10},
	Pages = {2572--2578},
	Publisher = {Oxford Univ Press},
	Title = {Beyond the language given: the neural correlates of inferring speaker meaning},
	Volume = {24},
	Year = {2014}}

@book{Clark1996,
	Author = {Clark, Herb H.},
	Publisher = {Cambridge University Press},
	Title = {Using language},
	Year = 1996}

@misc{dippl,
	Author = {Goodman, Noah D and Stuhlm\"{u}ller, Andreas},
	Howpublished = {\url{http://dippl.org}},
	Title = {{The Design and Implementation of Probabilistic Programming Languages}},
	Year = {2014}}

@inproceedings{Degen2014,
	Author = {Degen, Judith and Goodman, Noah D.},
	Booktitle = {Proceedings of the Thirty-Sixth Annual Conference of the {C}ognitive {S}cience {S}ociety},
	Title = {Lost your marbles? The puzzle of dependent measures in experimental pragmatics},
	Year = {2014}}

@inproceedings{Degen2015,
	Author = {Degen, Judith and Tessler, Michael Henry and Goodman, Noah D},
	Booktitle = {Proceedings of the 37th Annual Conference of the Cognitive Science Society},
	Title = {{Wonky worlds: Listeners revise world knowledge when utterances are odd}},
	Year = {2015}}

@article{Frank2012,
	Author = {Frank, Michael C and Goodman, Noah D},
	Journal = {Science},
	Number = {6084},
	Pages = {998--998},
	Publisher = {American Association for the Advancement of Science},
	Title = {Predicting pragmatic reasoning in language games},
	Volume = {336},
	Year = {2012}}

@article{Goodman2013,
  title={Knowledge and implicature: Modeling language understanding as social cognition},
  author={Goodman, Noah D and Stuhlm{\"u}ller, Andreas},
  journal={Topics in cognitive science},
  volume={5},
  number={1},
  pages={173--184},
  year={2013},
  publisher={Wiley Online Library}
}

@inbook{GoodmanLassiter2015,
	Author = {Goodman, Noah D. and Lassiter, Daniel},
	Booktitle = {The Handbook of Contemporary Semantic Theory, 2nd Edition},
	Publisher = {Wiley-Blackwell},
	Title = {Probabilistic Semantics and Pragmatics: Uncertainty in Language and Thought},
	Year = {2015}}

@inbook{Grice1975,
	Author = {Grice, H. P.},
	Booktitle = {Readings in language and mind},
	Publisher = {Blackwell},
	Title = {Logic and conversation.},
	Year = {1975}}

@article{henrich2010,
  title={The weirdest people in the world?},
  author={Henrich, Joseph and Heine, Steven J and Norenzayan, Ara},
  journal={Behavioral and brain sciences},
  volume={33},
  number={2-3},
  pages={61--83},
  year={2010},
  publisher={Cambridge Univ Press}
}

@inproceedings{yoon2016,
	Author = {Yoon, Erica J. and Tessler, Michael Henry and Goodman, Noah D. and Frank, Michael C.},
	Booktitle = {Proceedings of the Thirty-Eighth Annual Conference of the {C}ognitive {S}cience {S}ociety},
	Title = {Talking with tact: Polite language as a balance between kindness and informativity},
	Year = {2016}}


@article{heyman2009,
  title={Children's reasoning about lie-telling and truth-telling in politeness contexts},
  author={Heyman, Gail D and Sweet, Monica A and Lee, Kang},
  journal={Social Development},
  volume={18},
  number={3},
  pages={728--746},
  year={2009},
  publisher={Wiley Online Library}
}

@article{Kao2014,
	Author = {Kao, Justine T and Wu, Jean Y and Bergen, Leon and Goodman, Noah D},
	Journal = {Proceedings of the National Academy of Sciences},
	Number = {33},
	Pages = {12002--12007},
	Publisher = {National Acad Sciences},
	Title = {Nonliteral understanding of number words},
	Volume = {111},
	Year = {2014}}

@book{Levinson2000,
	Author = {Levinson, Stepehen},
	Publisher = {The MIT Press},
	Title = {Presumptive meanings: The theory of generalized conversational implicature},
	Year = 2000}

@book{LW2014,
	Author = {Lee, M. D. and Wagenmakers, E. J.},
	Publisher = {Cambridge Univ. Press},
	Title = {Bayesian Cognitive Modeling: A Practical Course},
	Year = 2014}
