% -----------------------------------------------------------------------
% politeness cogsci 

% brown levinson

% van roil: politeness as cost
% van Rooij, R. (2003). Being polite is a handicap. In M. Tennenholtz (Ed.), Proceedings of TARK 9, Bloomington.

% irony as harsh criticism

% RSA


% -----------------------------------------------------------------------
% Document End
% -----------------------------------------------------------------------
