%% This BibTeX bibliography file was created using BibDesk.
%% http://bibdesk.sourceforge.net/


%% Created for Michael Frank at 2017-02-01 09:54:18 -0800 


%% Saved with string encoding Unicode (UTF-8) 



@article{holtgraves1990,
	Author = {Holtgraves, Thomas and Joong-nam, Yang},
	Date-Added = {2017-02-01 17:52:57 +0000},
	Date-Modified = {2017-02-01 17:52:59 +0000},
	Journal = {Journal of personality and social psychology},
	Number = {4},
	Pages = {719},
	Publisher = {American Psychological Association},
	Title = {Politeness as universal: Cross-cultural perceptions of request strategies and inferences based on their use.},
	Volume = {59},
	Year = {1990}}

@article{goodman2016,
	Author = {Goodman, Noah D and Frank, Michael C},
	Date-Added = {2017-02-01 17:52:37 +0000},
	Date-Modified = {2017-02-01 17:52:40 +0000},
	Journal = {Trends in Cognitive Sciences},
	Number = {11},
	Pages = {818--829},
	Publisher = {Elsevier},
	Title = {Pragmatic language interpretation as probabilistic inference},
	Volume = {20},
	Year = {2016}}

@book{searle1975,
	Author = {Searle, John R},
	Date-Added = {2017-02-01 17:52:20 +0000},
	Date-Modified = {2017-02-01 17:52:40 +0000},
	Publisher = {na},
	Title = {Indirect speech acts},
	Year = {1975}}

@article{bergen2016,
	Author = {Bergen, Leon and Levy, Roger and Goodman, Noah D},
	Date-Added = {2016-01-28 17:08:44 +0000},
	Date-Modified = {2016-01-28 17:09:24 +0000},
	Journal = {Semantics \& Pragmatics},
	Title = {Pragmatic Reasoning through Semantic Inference},
	Year = {in press}}

@book{Brown1987,
	Author = {Brown, Penelope and Levinson, Stephen C},
	Publisher = {Cambridge Univ. Press},
	Title = {Politeness: Some universals in language usage},
	Volume = {4},
	Year = {1987}}

@inproceedings{VanRooy2003,
	Author = {Van Rooy, Robert},
	Booktitle = {Proceedings of the 9th conference on Theoretical aspects of rationality and knowledge},
	Organization = {ACM},
	Pages = {45--58},
	Title = {Being polite is a handicap: Towards a game theoretical analysis of polite linguistic behavior},
	Year = {2003}}

@inproceedings{Kao2015,
	Author = {Kao, Justine T and Goodman, Noah D},
	Booktitle = {Proceedings of the 37th Annual Conference of the {C}ognitive {S}cience {S}ociety},
	Date-Modified = {2017-02-01 17:54:14 +0000},
	Title = {Let's talk (ironically) about the weather: Modeling verbal irony},
	Website = {papers/KaoEtAl2015-Cogsci.pdf},
	Year = {2015}}

@article{colston1997,
	Author = {Colston, Herbert L},
	Journal = {Discourse Processes},
	Number = {1},
	Pages = {25--45},
	Publisher = {Taylor \& Francis},
	Title = {Salting a wound or sugaring a pill: The pragmatic functions of ironic criticism},
	Volume = {23},
	Year = {1997}}

@article{bonnefon2009,
	Author = {Bonnefon, Jean-Fran{\c{c}}ois and Feeney, Aidan and Villejoubert, Ga{\"e}lle},
	Journal = {Cognition},
	Number = {2},
	Pages = {249--258},
	Publisher = {Elsevier},
	Title = {When some is actually all: Scalar inferences in face-threatening contexts},
	Volume = {112},
	Year = {2009}}

@article{holtgraves1997,
	Author = {Holtgraves, Thomas},
	Journal = {Journal of Language and Social Psychology},
	Number = {2},
	Pages = {222--239},
	Publisher = {Sage Publications},
	Title = {YES, BUT... Positive politeness in conversation arguments},
	Volume = {16},
	Year = {1997}}

@article{clark1980,
	Author = {Clark, Herbert H and Schunk, Dale H},
	Journal = {Cognition},
	Number = {2},
	Pages = {111--143},
	Publisher = {Elsevier},
	Title = {Polite responses to polite requests},
	Volume = {8},
	Year = {1980}}

@article{axia1985,
	Author = {Axia, Giovanna and Baroni, Maria Rosa},
	Journal = {Child Development},
	Pages = {918--927},
	Publisher = {JSTOR},
	Title = {Linguistic politeness at different age levels},
	Year = {1985}}

@article{bavsnakova2014,
	Author = {Ba{\v{s}}n{\'a}kov{\'a}, Jana and Weber, Kirsten and Petersson, Karl Magnus and van Berkum, Jos and Hagoort, Peter},
	Journal = {Cerebral Cortex},
	Number = {10},
	Pages = {2572--2578},
	Publisher = {Oxford Univ Press},
	Title = {Beyond the language given: the neural correlates of inferring speaker meaning},
	Volume = {24},
	Year = {2014}}

@book{Clark1996,
	Author = {Clark, Herb H.},
	Publisher = {Cambridge University Press},
	Title = {Using language},
	Year = 1996}

@misc{dippl,
	Author = {Goodman, Noah D and Stuhlm\"{u}ller, Andreas},
	Howpublished = {\url{http://dippl.org}},
	Title = {{The Design and Implementation of Probabilistic Programming Languages}},
	Year = {2014}}

@inproceedings{Degen2014,
	Author = {Degen, Judith and Goodman, Noah D},
	Booktitle = {Proceedings of the Thirty-Sixth Annual Conference of the {C}ognitive {S}cience {S}ociety},
	Date-Modified = {2017-02-01 17:53:47 +0000},
	Title = {Lost your marbles? The puzzle of dependent measures in experimental pragmatics},
	Year = {2014}}

@inproceedings{Degen2015,
	Author = {Degen, Judith and Tessler, Michael Henry and Goodman, Noah D},
	Booktitle = {Proceedings of the 37th Annual Conference of the Cognitive Science Society},
	Title = {{Wonky worlds: Listeners revise world knowledge when utterances are odd}},
	Year = {2015}}

@article{Frank2012,
	Author = {Frank, Michael C and Goodman, Noah D},
	Journal = {Science},
	Number = {6084},
	Pages = {998--998},
	Publisher = {American Association for the Advancement of Science},
	Title = {Predicting pragmatic reasoning in language games},
	Volume = {336},
	Year = {2012}}

@article{Goodman2013,
	Author = {Goodman, Noah D and Stuhlm{\"u}ller, Andreas},
	Date-Modified = {2017-02-01 17:54:01 +0000},
	Journal = {Topics in Cognitive Science},
	Page = {173--184},
	Title = {Knowledge and implicature: Modeling language understanding as social cognition},
	Volume = {5},
	Year = {2013}}

@inbook{GoodmanLassiter2015,
	Author = {Goodman, Noah D and Lassiter, Daniel},
	Booktitle = {The Handbook of Contemporary Semantic Theory, 2nd Edition},
	Date-Modified = {2017-02-01 17:54:07 +0000},
	Editor = {Lappin, Shalom and Fox, Chris},
	Publisher = {Wiley-Blackwell},
	Title = {Probabilistic Semantics and Pragmatics: Uncertainty in Language and Thought},
	Year = {2015}}

@inbook{Grice1975,
	Author = {Grice, H. P.},
	Booktitle = {Readings in language and mind},
	Publisher = {Blackwell},
	Title = {Logic and conversation.},
	Year = {1975}}

@article{Kao2014,
	Author = {Kao, Justine T and Wu, Jean Y and Bergen, Leon and Goodman, Noah D},
	Journal = {Proceedings of the National Academy of Sciences},
	Number = {33},
	Pages = {12002--12007},
	Publisher = {National Acad Sciences},
	Title = {Nonliteral understanding of number words},
	Volume = {111},
	Year = {2014}}

@book{Levinson2000,
	Author = {Levinson, Stepehen},
	Publisher = {The MIT Press},
	Title = {Presumptive meanings: The theory of generalized conversational implicature},
	Year = 2000}

@book{LW2014,
	Author = {Lee, M. D. and Wagenmakers, E. J.},
	Publisher = {Cambridge Univ. Press},
	Title = {Bayesian Cognitive Modeling: A Practical Course},
	Year = 2014}

@inproceedings{yoon2016,
	Author = {Yoon, Erica J. and Tessler, Michael Henry and Goodman, Noah D and Frank, Michael C.},
	Booktitle = {Proceedings of the Thirty-Eighth Annual Conference of the {C}ognitive {S}cience {S}ociety},
	Date-Modified = {2017-02-01 17:54:18 +0000},
	Title = {Talking with tact: Polite language as a balance between kindness and informativity},
	Year = {2016}}

@article{ide1989,
	Author = {Ide, Sachiko},
	Journal = {Multilingua-journal of cross-cultural and interlanguage communication},
	Number = {2-3},
	Pages = {223--248},
	Title = {Formal forms and discernment: Two neglected aspects of universals of linguistic politeness},
	Volume = {8},
	Year = {1989}}

@article{franke2016,
	Author = {Franke, Michael and J{\"a}ger, Gerhard},
	Journal = {Zeitschrift f{\"u}r Sprachwissenschaft},
	Number = {1},
	Pages = {3--44},
	Title = {Probabilistic pragmatics, or why Bayes? rule is probably important for pragmatics},
	Volume = {35},
	Year = {2016}}

@article{pinker2008,
	Author = {Pinker, Steven and Nowak, Martin A and Lee, James J},
	Journal = {Proceedings of the National Academy of sciences},
	Number = {3},
	Pages = {833--838},
	Publisher = {National Acad Sciences},
	Title = {The logic of indirect speech},
	Volume = {105},
	Year = {2008}}
